<record><leader>00000cas a22000007a 4500</leader><controlfield tag="001">13984288</controlfield><controlfield tag="008">860730d18901955paudn ne      0    0eng d</controlfield><datafield ind1=" " ind2=" " tag="010"><subfield code="a">sn 86081689 </subfield></datafield><datafield ind1=" " ind2=" " tag="040"><subfield code="a">NPH</subfield><subfield code="b">eng</subfield><subfield code="c">NPH</subfield><subfield code="d">OCLCQ</subfield></datafield><datafield ind1=" " ind2=" " tag="042"><subfield code="a">msc</subfield></datafield><datafield ind1="0" ind2="0" tag="245"><subfield code="a">Greensburg daily tribune.</subfield></datafield><datafield ind1=" " ind2=" " tag="260"><subfield code="a">Greensburg, Pa. :</subfield><subfield code="b">Tribune Pub. Co.,</subfield><subfield code="c">1890-1955.</subfield></datafield><datafield ind1=" " ind2=" " tag="300"><subfield code="a">69 v. ;</subfield><subfield code="c">58 cm.</subfield></datafield><datafield ind1=" " ind2=" " tag="310"><subfield code="a">Daily (except Sunday)</subfield></datafield><datafield ind1="0" ind2=" " tag="362"><subfield code="a">Vol. 2, no. 348 (Mar. 25, 1890)-v. 69, no. 86 (Sept. 30, 1955).</subfield></datafield><datafield ind1=" " ind2=" " tag="580"><subfield code="a">Weekly ed.: Tribune herald.</subfield></datafield><datafield ind1=" " ind2=" " tag="580"><subfield code="a">Merged with : Greensburg morning review, to form: Greensburg tribune-review (Greensburg, Pa. : City ed.), and: Greensburg tribune-review (Greensburg, Pa. : County ed.).</subfield></datafield><datafield ind1=" " ind2=" " tag="752"><subfield code="a">United States</subfield><subfield code="b">Pennsylvania</subfield><subfield code="c">Westmoreland</subfield><subfield code="d">Greensburg.</subfield></datafield><datafield ind1="1" ind2=" " tag="775"><subfield code="t">Tribune herald</subfield><subfield code="w">(DLC)sn 86081688</subfield></datafield><datafield ind1="0" ind2="0" tag="780"><subfield code="t">Daily tribune (Greensburg, Pa.)</subfield><subfield code="w">(DLC)sn 88079420</subfield></datafield><datafield ind1="1" ind2="7" tag="785"><subfield code="t">Greensburg morning review</subfield><subfield code="w">(DLC)sn 86081675</subfield></datafield><datafield ind1="1" ind2="7" tag="785"><subfield code="t">Greensburg tribune-review (Greensburg, Pa. : City ed.)</subfield></datafield><datafield ind1="1" ind2="7" tag="785"><subfield code="t">Greensburg tribune-review (Greensburg, Pa. : County ed.)</subfield></datafield></record>